<?xml version="1.0" encoding="UTF-8" ?>
<collection xmlns:xsi="http://www.w3.org/2001/XMLSchema-instance" xsi:schemaLocation="http://www.loc.gov/MARC21/slim http://www.loc.gov/standards/marcxml/schema/MARC21slim.xsd" xmlns="http://www.loc.gov/MARC21/slim">
   <record>
      <leader>     cam a22      a 4500</leader>
      <controlfield tag="001">1596356</controlfield>
      <controlfield tag="003">NIC</controlfield>
      <controlfield tag="005">20141124011649.0</controlfield>
      <controlfield tag="008">890620m19009999le       b    001 0 arard</controlfield>
      <datafield tag="010" ind1=" " ind2=" ">
         <subfield code="a">   81119897 /NE </subfield>
      </datafield>
      <datafield tag="020" ind1=" " ind2=" ">
         <subfield code="a">3515028501</subfield>
      </datafield>
      <datafield tag="020" ind1=" " ind2=" ">
         <subfield code="a">3515028528 (v. 4)</subfield>
      </datafield>
      <datafield tag="035" ind1=" " ind2=" ">
         <subfield code="a">(NIC)notisAHM6627</subfield>
      </datafield>
      <datafield tag="035" ind1=" " ind2=" ">
         <subfield code="a">(OCoLC)12107982</subfield>
      </datafield>
      <datafield tag="035" ind1=" " ind2=" ">
         <subfield code="a">1596356</subfield>
      </datafield>
      <datafield tag="040" ind1=" " ind2=" ">
         <subfield code="d">CStRLIN</subfield>
         <subfield code="d">NIC</subfield>
      </datafield>
      <datafield tag="043" ind1=" " ind2=" ">
         <subfield code="a">aw-----</subfield>
         <subfield code="a">ff-----</subfield>
      </datafield>
      <datafield tag="050" ind1="0" ind2=" ">
         <subfield code="a">DS38.5</subfield>
         <subfield code="b">.B34 1978</subfield>
      </datafield>
      <datafield tag="100" ind1="1" ind2=" ">
         <subfield code="a">Balādhurī, Aḥmad ibn Yaḥya,</subfield>
         <subfield code="d">-892.</subfield>
      </datafield>
      <datafield tag="245" ind1="1" ind2="0">
         <subfield code="a">Ansāb al-ashrāf /</subfield>
         <subfield code="c">al-Balādhurī ; taḥqīq ʻAbd al-ʻAzīz al-Dūrī.</subfield>
      </datafield>
      <datafield tag="260" ind1=" " ind2=" ">
         <subfield code="a">Bayrūt :</subfield>
         <subfield code="b">F. Shatāynir,</subfield>
         <subfield code="c">[1978-]</subfield>
      </datafield>
      <datafield tag="300" ind1=" " ind2=" ">
         <subfield code="a">v. ;</subfield>
         <subfield code="c">25 cm.</subfield>
      </datafield>
      <datafield tag="440" ind1=" " ind2="0">
         <subfield code="a">Nasharāt al-Islāmīyah,</subfield>
         <subfield code="x">0170-3102 ;</subfield>
         <subfield code="v">juzʼ 28, 28i-ii</subfield>
      </datafield>
      <datafield tag="500" ind1=" " ind2=" ">
         <subfield code="a">Title on added t.p.: Ansāb al-ašrāf.</subfield>
      </datafield>
      <datafield tag="504" ind1=" " ind2=" ">
         <subfield code="a">Includes bibliographical references and indexes.</subfield>
      </datafield>
      <datafield tag="505" ind1="0" ind2=" ">
         <subfield code="a">al-Qism 2. -- Qism 3. al-ʻAbbās ibn ʻAbd al-Muṭṭalib wa-waladuhu -- Qism 4, Juzʼ 1. Banū ʻAbd Shams, Muʻāwiyah, Ziyād, Yazīd, ʻYthmān -- Qism 4, Juzʼ 2.    -- Teil 7/1. Sāʻir qabāʻil al-ʻarab</subfield>
      </datafield>
      <datafield tag="651" ind1=" " ind2="0">
         <subfield code="a">Islamic Empire</subfield>
         <subfield code="x">History</subfield>
         <subfield code="y">661-750.</subfield>
      </datafield>
      <datafield tag="650" ind1=" " ind2="0">
         <subfield code="a">Umayyad dynasty</subfield>
         <subfield code="x">Early works to 1800.</subfield>
      </datafield>
      <datafield tag="650" ind1=" " ind2="0">
         <subfield code="a">Arabs</subfield>
         <subfield code="x">Genealogy</subfield>
         <subfield code="x">Early works to 1800.</subfield>
      </datafield>
      <datafield tag="648" ind1=" " ind2="7">
         <subfield code="a">661 - 750</subfield>
         <subfield code="2">fast</subfield>
      </datafield>
      <datafield tag="650" ind1=" " ind2="7">
         <subfield code="a">Arabs</subfield>
         <subfield code="x">Genealogy</subfield>
         <subfield code="2">fast</subfield>
         <subfield code="0">(OCoLC)fst00812585</subfield>
      </datafield>
      <datafield tag="651" ind1=" " ind2="7">
         <subfield code="a">Islamic Empire</subfield>
         <subfield code="2">fast</subfield>
         <subfield code="0">(OCoLC)fst01244134</subfield>
      </datafield>
      <datafield tag="655" ind1=" " ind2="7">
         <subfield code="a">Early works</subfield>
         <subfield code="2">fast</subfield>
         <subfield code="0">(OCoLC)fst01411636</subfield>
      </datafield>
      <datafield tag="700" ind1="1" ind2=" ">
         <subfield code="a">Dūrī, ʻAbd al-Azīz.</subfield>
      </datafield>
      <datafield tag="740" ind1="0" ind2=" ">
         <subfield code="a">Ansāb al-ašrāf.</subfield>
      </datafield>
      <datafield tag="903" ind1=" " ind2=" ">
         <subfield code="a">Google</subfield>
         <subfield code="d">20140826</subfield>
         <subfield code="p">31924051446882</subfield>
         <subfield code="v">juz 28:qism 4 </subfield>
      </datafield>
      <datafield tag="903" ind1=" " ind2=" ">
         <subfield code="a">Google</subfield>
         <subfield code="d">20140826</subfield>
         <subfield code="p">31924051644791</subfield>
         <subfield code="v">juz 28:qism 3 </subfield>
      </datafield>
      <datafield tag="903" ind1=" " ind2=" ">
         <subfield code="a">Google</subfield>
         <subfield code="d">20140826</subfield>
         <subfield code="p">31924081340758</subfield>
         <subfield code="v">juz&apos;28:qism 7/1 </subfield>
      </datafield>
      <datafield tag="903" ind1=" " ind2=" ">
         <subfield code="a">Google</subfield>
         <subfield code="d">20140826</subfield>
         <subfield code="p">31924095384610</subfield>
         <subfield code="v">juz 28:qism 7/2 </subfield>
      </datafield>
      <datafield tag="903" ind1=" " ind2=" ">
         <subfield code="a">Google</subfield>
         <subfield code="d">20140826</subfield>
         <subfield code="p">31924098161064</subfield>
         <subfield code="v">juz 28:qism 2 </subfield>
      </datafield>
      <datafield tag="905" ind1=" " ind2=" ">
         <subfield code="a">19980112120000.0</subfield>
      </datafield>
      <datafield tag="948" ind1="1" ind2=" ">
         <subfield code="a">20040128</subfield>
         <subfield code="b">u</subfield>
         <subfield code="d">ah16</subfield>
         <subfield code="e">lts</subfield>
      </datafield>
      <datafield tag="948" ind1="2" ind2=" ">
         <subfield code="a">20120309</subfield>
         <subfield code="b">m</subfield>
         <subfield code="d">bmt1</subfield>
         <subfield code="e">lts</subfield>
      </datafield>
      <datafield tag="948" ind1="2" ind2=" ">
         <subfield code="a">20141123</subfield>
         <subfield code="b">m</subfield>
         <subfield code="d">batch</subfield>
         <subfield code="e">lts</subfield>
         <subfield code="x">addfast</subfield>
      </datafield>
      <datafield tag="952" ind1=" " ind2=" ">
         <subfield code="b">olin</subfield>
         <subfield code="h">DS234.B17</subfield>
         <subfield code="i">A6 1978</subfield>
      </datafield>
      <datafield tag="903" ind1=" " ind2=" ">
         <subfield code="a">NYUACO</subfield>
         <subfield code="d">20150421</subfield>
         <subfield code="p">31924051446882</subfield>
      </datafield>
      <datafield tag="950" ind1=" " ind2=" ">
         <subfield code="a">DS234.B17</subfield>
         <subfield code="b">A6 1978</subfield>
         <subfield code="v">juz 28:qism 4 </subfield>
      </datafield>
      <datafield tag="903" ind1=" " ind2=" ">
         <subfield code="a">NYUACO</subfield>
         <subfield code="d">20150421</subfield>
         <subfield code="p">31924051644791</subfield>
      </datafield>
      <datafield tag="950" ind1=" " ind2=" ">
         <subfield code="a">DS234.B17</subfield>
         <subfield code="b">A6 1978</subfield>
         <subfield code="v">juz 28:qism 3 </subfield>
      </datafield>
      <datafield tag="903" ind1=" " ind2=" ">
         <subfield code="a">NYUACO</subfield>
         <subfield code="d">20150421</subfield>
         <subfield code="p">31924081340758</subfield>
      </datafield>
      <datafield tag="950" ind1=" " ind2=" ">
         <subfield code="a">DS234.B17</subfield>
         <subfield code="b">A6 1978</subfield>
         <subfield code="v">juz&apos;28:qism 7/1 </subfield>
      </datafield>
      <datafield tag="903" ind1=" " ind2=" ">
         <subfield code="a">NYUACO</subfield>
         <subfield code="d">20150421</subfield>
         <subfield code="p">31924095384610</subfield>
      </datafield>
      <datafield tag="950" ind1=" " ind2=" ">
         <subfield code="a">DS234.B17</subfield>
         <subfield code="b">A6 1978</subfield>
         <subfield code="v">juz 28:qism 7/2 </subfield>
      </datafield>
      <datafield tag="903" ind1=" " ind2=" ">
         <subfield code="a">NYUACO</subfield>
         <subfield code="d">20150421</subfield>
         <subfield code="p">31924098161064</subfield>
      </datafield>
      <datafield tag="950" ind1=" " ind2=" ">
         <subfield code="a">DS234.B17</subfield>
         <subfield code="b">A6 1978</subfield>
         <subfield code="v">juz 28:qism 2 </subfield>
      </datafield>
   </record>
</collection>
